%YAML 1.1
%TAG !u! tag:unity3d.com,2011:
--- !u!29 &1
SceneSettings:
  m_ObjectHideFlags: 0
  m_PVSData: 
  m_PVSObjectsArray: []
  m_PVSPortalsArray: []
  m_OcclusionBakeSettings:
    smallestOccluder: 5
    smallestHole: 0.25
    backfaceThreshold: 100
--- !u!104 &2
RenderSettings:
  m_ObjectHideFlags: 0
  serializedVersion: 7
  m_Fog: 0
  m_FogColor: {r: 0.5, g: 0.5, b: 0.5, a: 1}
  m_FogMode: 3
  m_FogDensity: 0.01
  m_LinearFogStart: 0
  m_LinearFogEnd: 300
  m_AmbientSkyColor: {r: 0.212, g: 0.227, b: 0.259, a: 1}
  m_AmbientEquatorColor: {r: 0.114, g: 0.125, b: 0.133, a: 1}
  m_AmbientGroundColor: {r: 0.047, g: 0.043, b: 0.035, a: 1}
  m_AmbientIntensity: 1
  m_AmbientMode: 0
  m_SkyboxMaterial: {fileID: 2100000, guid: 1ce746eab45682a42bbeeea21e016bbc, type: 2}
  m_HaloStrength: 0.5
  m_FlareStrength: 1
  m_FlareFadeSpeed: 3
  m_HaloTexture: {fileID: 0}
  m_SpotCookie: {fileID: 10001, guid: 0000000000000000e000000000000000, type: 0}
  m_DefaultReflectionMode: 0
  m_DefaultReflectionResolution: 128
  m_ReflectionBounces: 1
  m_ReflectionIntensity: 1
  m_CustomReflection: {fileID: 0}
  m_Sun: {fileID: 0}
  m_IndirectSpecularColor: {r: 0, g: 0, b: 0, a: 1}
--- !u!157 &3
LightmapSettings:
  m_ObjectHideFlags: 0
  serializedVersion: 7
  m_GIWorkflowMode: 1
  m_GISettings:
    serializedVersion: 2
    m_BounceScale: 1
    m_IndirectOutputScale: 1
    m_AlbedoBoost: 1
    m_TemporalCoherenceThreshold: 1
    m_EnvironmentLightingMode: 0
    m_EnableBakedLightmaps: 1
    m_EnableRealtimeLightmaps: 1
  m_LightmapEditorSettings:
    serializedVersion: 4
    m_Resolution: 2
    m_BakeResolution: 40
    m_TextureWidth: 1024
    m_TextureHeight: 1024
    m_AO: 0
    m_AOMaxDistance: 1
    m_CompAOExponent: 1
    m_CompAOExponentDirect: 0
    m_Padding: 2
    m_LightmapParameters: {fileID: 0}
    m_LightmapsBakeMode: 1
    m_TextureCompression: 1
    m_DirectLightInLightProbes: 1
    m_FinalGather: 0
    m_FinalGatherFiltering: 1
    m_FinalGatherRayCount: 256
    m_ReflectionCompression: 2
  m_LightingDataAsset: {fileID: 0}
  m_RuntimeCPUUsage: 25
--- !u!196 &4
NavMeshSettings:
  serializedVersion: 2
  m_ObjectHideFlags: 0
  m_BuildSettings:
    serializedVersion: 2
    agentRadius: 0.5
    agentHeight: 2
    agentSlope: 45
    agentClimb: 0.4
    ledgeDropHeight: 0
    maxJumpAcrossDistance: 0
    accuratePlacement: 0
    minRegionArea: 2
    cellSize: 0.16666667
    manualCellSize: 0
  m_NavMeshData: {fileID: 0}
--- !u!1 &11059542
GameObject:
  m_ObjectHideFlags: 0
  m_PrefabParentObject: {fileID: 0}
  m_PrefabInternal: {fileID: 0}
  serializedVersion: 4
  m_Component:
  - 224: {fileID: 11059543}
  - 222: {fileID: 11059546}
  - 114: {fileID: 11059545}
  - 114: {fileID: 11059544}
  m_Layer: 5
  m_Name: Panel1
  m_TagString: Untagged
  m_Icon: {fileID: 0}
  m_NavMeshLayer: 0
  m_StaticEditorFlags: 0
  m_IsActive: 1
--- !u!224 &11059543
RectTransform:
  m_ObjectHideFlags: 0
  m_PrefabParentObject: {fileID: 0}
  m_PrefabInternal: {fileID: 0}
  m_GameObject: {fileID: 11059542}
  m_LocalRotation: {x: -0, y: -0, z: -0, w: 1}
  m_LocalPosition: {x: 0, y: 0, z: 0}
  m_LocalScale: {x: 0.58499384, y: 0.13021135, z: 0.58499384}
  m_LocalEulerAnglesHint: {x: 0, y: 0, z: 0}
  m_Children:
  - {fileID: 834984156}
  m_Father: {fileID: 1285834221}
  m_RootOrder: 0
  m_AnchorMin: {x: 0.5, y: 0.5}
  m_AnchorMax: {x: 0.5, y: 0.5}
  m_AnchoredPosition: {x: -375, y: -132}
  m_SizeDelta: {x: 498, y: 480}
  m_Pivot: {x: 0.5, y: 0.5}
--- !u!114 &11059544
MonoBehaviour:
  m_ObjectHideFlags: 0
  m_PrefabParentObject: {fileID: 0}
  m_PrefabInternal: {fileID: 0}
  m_GameObject: {fileID: 11059542}
  m_Enabled: 1
  m_EditorHideFlags: 0
  m_Script: {fileID: 11500000, guid: 568c3204f1e8cee468a7949b03f4a76b, type: 3}
  m_Name: 
  m_EditorClassIdentifier: 
--- !u!114 &11059545
MonoBehaviour:
  m_ObjectHideFlags: 0
  m_PrefabParentObject: {fileID: 0}
  m_PrefabInternal: {fileID: 0}
  m_GameObject: {fileID: 11059542}
  m_Enabled: 1
  m_EditorHideFlags: 0
  m_Script: {fileID: -765806418, guid: f5f67c52d1564df4a8936ccd202a3bd8, type: 3}
  m_Name: 
  m_EditorClassIdentifier: 
  m_Material: {fileID: 0}
  m_Color: {r: 1, g: 1, b: 1, a: 1}
  m_RaycastTarget: 1
  m_OnCullStateChanged:
    m_PersistentCalls:
      m_Calls: []
    m_TypeName: UnityEngine.UI.MaskableGraphic+CullStateChangedEvent, UnityEngine.UI,
      Version=1.0.0.0, Culture=neutral, PublicKeyToken=null
  m_Sprite: {fileID: 21300000, guid: 9a73834f9c3192d4fb99f6bdec5ab5b0, type: 3}
  m_Type: 1
  m_PreserveAspect: 0
  m_FillCenter: 1
  m_FillMethod: 4
  m_FillAmount: 1
  m_FillClockwise: 1
  m_FillOrigin: 0
--- !u!222 &11059546
CanvasRenderer:
  m_ObjectHideFlags: 0
  m_PrefabParentObject: {fileID: 0}
  m_PrefabInternal: {fileID: 0}
  m_GameObject: {fileID: 11059542}
--- !u!1 &105184226
GameObject:
  m_ObjectHideFlags: 0
  m_PrefabParentObject: {fileID: 0}
  m_PrefabInternal: {fileID: 0}
  serializedVersion: 4
  m_Component:
  - 4: {fileID: 105184227}
  - 33: {fileID: 105184230}
  - 65: {fileID: 105184229}
  - 23: {fileID: 105184228}
  m_Layer: 0
  m_Name: Cube
  m_TagString: Untagged
  m_Icon: {fileID: 0}
  m_NavMeshLayer: 0
  m_StaticEditorFlags: 0
  m_IsActive: 1
--- !u!4 &105184227
Transform:
  m_ObjectHideFlags: 0
  m_PrefabParentObject: {fileID: 0}
  m_PrefabInternal: {fileID: 0}
  m_GameObject: {fileID: 105184226}
  m_LocalRotation: {x: -0, y: -0, z: -0, w: 1}
  m_LocalPosition: {x: 0.4928453, y: 0.22966225, z: -2.3444867}
  m_LocalScale: {x: 0.113333344, y: 0.11333334, z: 0.11333334}
  m_LocalEulerAnglesHint: {x: 0, y: 0, z: 0}
  m_Children: []
  m_Father: {fileID: 839508664}
  m_RootOrder: 7
--- !u!23 &105184228
MeshRenderer:
  m_ObjectHideFlags: 0
  m_PrefabParentObject: {fileID: 0}
  m_PrefabInternal: {fileID: 0}
  m_GameObject: {fileID: 105184226}
  m_Enabled: 1
  m_CastShadows: 1
  m_ReceiveShadows: 1
  m_MotionVectors: 1
  m_LightProbeUsage: 1
  m_ReflectionProbeUsage: 1
  m_Materials:
  - {fileID: 10303, guid: 0000000000000000f000000000000000, type: 0}
  m_SubsetIndices: 
  m_StaticBatchRoot: {fileID: 0}
  m_ProbeAnchor: {fileID: 0}
  m_LightProbeVolumeOverride: {fileID: 0}
  m_ScaleInLightmap: 1
  m_PreserveUVs: 1
  m_IgnoreNormalsForChartDetection: 0
  m_ImportantGI: 0
  m_SelectedWireframeHidden: 0
  m_MinimumChartSize: 4
  m_AutoUVMaxDistance: 0.5
  m_AutoUVMaxAngle: 89
  m_LightmapParameters: {fileID: 0}
  m_SortingLayerID: 0
  m_SortingOrder: 0
--- !u!65 &105184229
BoxCollider:
  m_ObjectHideFlags: 0
  m_PrefabParentObject: {fileID: 0}
  m_PrefabInternal: {fileID: 0}
  m_GameObject: {fileID: 105184226}
  m_Material: {fileID: 0}
  m_IsTrigger: 0
  m_Enabled: 1
  serializedVersion: 2
  m_Size: {x: 1, y: 1, z: 1}
  m_Center: {x: 0, y: 0, z: 0}
--- !u!33 &105184230
MeshFilter:
  m_ObjectHideFlags: 0
  m_PrefabParentObject: {fileID: 0}
  m_PrefabInternal: {fileID: 0}
  m_GameObject: {fileID: 105184226}
  m_Mesh: {fileID: 10202, guid: 0000000000000000e000000000000000, type: 0}
--- !u!1001 &116238113
Prefab:
  m_ObjectHideFlags: 0
  serializedVersion: 2
  m_Modification:
    m_TransformParent: {fileID: 839508664}
    m_Modifications:
    - target: {fileID: 400000, guid: fac60b197cad44a16bee667050a4d421, type: 3}
      propertyPath: m_LocalPosition.x
      value: -0.25218606
      objectReference: {fileID: 0}
    - target: {fileID: 400000, guid: fac60b197cad44a16bee667050a4d421, type: 3}
      propertyPath: m_LocalPosition.y
      value: 0.039940834
      objectReference: {fileID: 0}
    - target: {fileID: 400000, guid: fac60b197cad44a16bee667050a4d421, type: 3}
      propertyPath: m_LocalPosition.z
      value: -0.37087604
      objectReference: {fileID: 0}
    - target: {fileID: 400000, guid: fac60b197cad44a16bee667050a4d421, type: 3}
      propertyPath: m_LocalRotation.x
      value: -0.7071068
      objectReference: {fileID: 0}
    - target: {fileID: 400000, guid: fac60b197cad44a16bee667050a4d421, type: 3}
      propertyPath: m_LocalRotation.y
      value: 0
      objectReference: {fileID: 0}
    - target: {fileID: 400000, guid: fac60b197cad44a16bee667050a4d421, type: 3}
      propertyPath: m_LocalRotation.z
      value: -0
      objectReference: {fileID: 0}
    - target: {fileID: 400000, guid: fac60b197cad44a16bee667050a4d421, type: 3}
      propertyPath: m_LocalRotation.w
      value: 0.7071067
      objectReference: {fileID: 0}
    - target: {fileID: 400000, guid: fac60b197cad44a16bee667050a4d421, type: 3}
      propertyPath: m_RootOrder
      value: 3
      objectReference: {fileID: 0}
    m_RemovedComponents: []
  m_ParentPrefab: {fileID: 100100000, guid: fac60b197cad44a16bee667050a4d421, type: 3}
  m_RootGameObject: {fileID: 1589862211}
  m_IsPrefabParent: 0
--- !u!4 &116238114
Transform:
  m_ObjectHideFlags: 0
  m_PrefabParentObject: {fileID: 400000, guid: fac60b197cad44a16bee667050a4d421, type: 3}
  m_PrefabInternal: {fileID: 116238113}
  m_GameObject: {fileID: 1589862211}
  m_LocalRotation: {x: -0.7071068, y: 0, z: -0, w: 0.7071067}
  m_LocalPosition: {x: -0.25218606, y: 0.039940834, z: -0.37087604}
  m_LocalScale: {x: 1, y: 1, z: 1}
  m_LocalEulerAnglesHint: {x: 0, y: 0, z: 0}
  m_Children: []
  m_Father: {fileID: 839508664}
  m_RootOrder: 3
--- !u!1 &438925786
GameObject:
  m_ObjectHideFlags: 0
  m_PrefabParentObject: {fileID: 0}
  m_PrefabInternal: {fileID: 0}
  serializedVersion: 4
  m_Component:
  - 4: {fileID: 438925789}
  - 114: {fileID: 438925788}
  - 114: {fileID: 438925787}
  m_Layer: 0
  m_Name: EventSystem
  m_TagString: Untagged
  m_Icon: {fileID: 0}
  m_NavMeshLayer: 0
  m_StaticEditorFlags: 0
  m_IsActive: 1
--- !u!114 &438925787
MonoBehaviour:
  m_ObjectHideFlags: 0
  m_PrefabParentObject: {fileID: 0}
  m_PrefabInternal: {fileID: 0}
  m_GameObject: {fileID: 438925786}
  m_Enabled: 1
  m_EditorHideFlags: 0
  m_Script: {fileID: 1077351063, guid: f5f67c52d1564df4a8936ccd202a3bd8, type: 3}
  m_Name: 
  m_EditorClassIdentifier: 
  m_HorizontalAxis: Horizontal
  m_VerticalAxis: Vertical
  m_SubmitButton: Submit
  m_CancelButton: Cancel
  m_InputActionsPerSecond: 10
  m_RepeatDelay: 0.5
  m_ForceModuleActive: 0
--- !u!114 &438925788
MonoBehaviour:
  m_ObjectHideFlags: 0
  m_PrefabParentObject: {fileID: 0}
  m_PrefabInternal: {fileID: 0}
  m_GameObject: {fileID: 438925786}
  m_Enabled: 1
  m_EditorHideFlags: 0
  m_Script: {fileID: -619905303, guid: f5f67c52d1564df4a8936ccd202a3bd8, type: 3}
  m_Name: 
  m_EditorClassIdentifier: 
  m_FirstSelected: {fileID: 0}
  m_sendNavigationEvents: 1
  m_DragThreshold: 5
--- !u!4 &438925789
Transform:
  m_ObjectHideFlags: 0
  m_PrefabParentObject: {fileID: 0}
  m_PrefabInternal: {fileID: 0}
  m_GameObject: {fileID: 438925786}
  m_LocalRotation: {x: 0, y: 0, z: 0, w: 1}
  m_LocalPosition: {x: 0, y: 0, z: 0}
  m_LocalScale: {x: 1, y: 1, z: 1}
  m_LocalEulerAnglesHint: {x: 0, y: 0, z: 0}
  m_Children: []
  m_Father: {fileID: 0}
  m_RootOrder: 4
--- !u!1001 &441255676
Prefab:
  m_ObjectHideFlags: 0
  serializedVersion: 2
  m_Modification:
    m_TransformParent: {fileID: 839508664}
    m_Modifications:
    - target: {fileID: 400000, guid: 49127408ca0d44792885c926da7d7dca, type: 3}
      propertyPath: m_LocalPosition.x
      value: -0.41911855
      objectReference: {fileID: 0}
    - target: {fileID: 400000, guid: 49127408ca0d44792885c926da7d7dca, type: 3}
      propertyPath: m_LocalPosition.y
      value: -0.34991735
      objectReference: {fileID: 0}
    - target: {fileID: 400000, guid: 49127408ca0d44792885c926da7d7dca, type: 3}
      propertyPath: m_LocalPosition.z
      value: -1.4465054
      objectReference: {fileID: 0}
    - target: {fileID: 400000, guid: 49127408ca0d44792885c926da7d7dca, type: 3}
      propertyPath: m_LocalRotation.x
      value: -0.61153585
      objectReference: {fileID: 0}
    - target: {fileID: 400000, guid: 49127408ca0d44792885c926da7d7dca, type: 3}
      propertyPath: m_LocalRotation.y
      value: -0.35499847
      objectReference: {fileID: 0}
    - target: {fileID: 400000, guid: 49127408ca0d44792885c926da7d7dca, type: 3}
      propertyPath: m_LocalRotation.z
      value: -0.3549985
      objectReference: {fileID: 0}
    - target: {fileID: 400000, guid: 49127408ca0d44792885c926da7d7dca, type: 3}
      propertyPath: m_LocalRotation.w
      value: 0.61153585
      objectReference: {fileID: 0}
    - target: {fileID: 400000, guid: 49127408ca0d44792885c926da7d7dca, type: 3}
      propertyPath: m_RootOrder
      value: 2
      objectReference: {fileID: 0}
    m_RemovedComponents: []
  m_ParentPrefab: {fileID: 100100000, guid: 49127408ca0d44792885c926da7d7dca, type: 3}
  m_RootGameObject: {fileID: 620291132}
  m_IsPrefabParent: 0
--- !u!4 &441255677
Transform:
  m_ObjectHideFlags: 0
  m_PrefabParentObject: {fileID: 400000, guid: 49127408ca0d44792885c926da7d7dca, type: 3}
  m_PrefabInternal: {fileID: 441255676}
  m_GameObject: {fileID: 620291132}
  m_LocalRotation: {x: -0.61153585, y: -0.35499847, z: -0.3549985, w: 0.61153585}
  m_LocalPosition: {x: -0.41911855, y: -0.34991735, z: -1.4465054}
  m_LocalScale: {x: 1, y: 1, z: 1}
  m_LocalEulerAnglesHint: {x: 0, y: 0, z: 0}
  m_Children: []
  m_Father: {fileID: 839508664}
  m_RootOrder: 2
--- !u!1 &449046054
GameObject:
  m_ObjectHideFlags: 0
  m_PrefabParentObject: {fileID: 100008, guid: e2cf4d86fbf744165b07152fb17b1265, type: 3}
  m_PrefabInternal: {fileID: 1785744660}
  serializedVersion: 4
  m_Component:
  - 4: {fileID: 449046055}
  - 33: {fileID: 449046057}
  - 23: {fileID: 449046056}
  m_Layer: 0
  m_Name: BotoSimon_Vermell
  m_TagString: Untagged
  m_Icon: {fileID: 0}
  m_NavMeshLayer: 0
  m_StaticEditorFlags: 0
  m_IsActive: 1
--- !u!4 &449046055
Transform:
  m_ObjectHideFlags: 0
  m_PrefabParentObject: {fileID: 400008, guid: e2cf4d86fbf744165b07152fb17b1265, type: 3}
  m_PrefabInternal: {fileID: 1785744660}
  m_GameObject: {fileID: 449046054}
  m_LocalRotation: {x: -0.5455563, y: -0.44985372, z: -0.44985378, w: 0.5455562}
  m_LocalPosition: {x: -0.50207824, y: -0.07327527, z: -1.6517302}
  m_LocalScale: {x: 1, y: 1, z: 1}
  m_LocalEulerAnglesHint: {x: 0, y: 0, z: 0}
  m_Children: []
  m_Father: {fileID: 1785744661}
  m_RootOrder: 3
--- !u!23 &449046056
MeshRenderer:
  m_ObjectHideFlags: 0
  m_PrefabParentObject: {fileID: 2300006, guid: e2cf4d86fbf744165b07152fb17b1265,
    type: 3}
  m_PrefabInternal: {fileID: 1785744660}
  m_GameObject: {fileID: 449046054}
  m_Enabled: 1
  m_CastShadows: 1
  m_ReceiveShadows: 1
  m_MotionVectors: 1
  m_LightProbeUsage: 1
  m_ReflectionProbeUsage: 1
  m_Materials:
  - {fileID: 2100000, guid: 4a51adaec369f4fc4ad555495e672cc9, type: 2}
  m_SubsetIndices: 
  m_StaticBatchRoot: {fileID: 0}
  m_ProbeAnchor: {fileID: 0}
  m_LightProbeVolumeOverride: {fileID: 0}
  m_ScaleInLightmap: 1
  m_PreserveUVs: 0
  m_IgnoreNormalsForChartDetection: 0
  m_ImportantGI: 0
  m_SelectedWireframeHidden: 0
  m_MinimumChartSize: 4
  m_AutoUVMaxDistance: 0.5
  m_AutoUVMaxAngle: 89
  m_LightmapParameters: {fileID: 0}
  m_SortingLayerID: 0
  m_SortingOrder: 0
--- !u!33 &449046057
MeshFilter:
  m_ObjectHideFlags: 0
  m_PrefabParentObject: {fileID: 3300006, guid: e2cf4d86fbf744165b07152fb17b1265,
    type: 3}
  m_PrefabInternal: {fileID: 1785744660}
  m_GameObject: {fileID: 449046054}
  m_Mesh: {fileID: 4300006, guid: e2cf4d86fbf744165b07152fb17b1265, type: 3}
--- !u!1 &545232381
GameObject:
  m_ObjectHideFlags: 0
  m_PrefabParentObject: {fileID: 100004, guid: e2cf4d86fbf744165b07152fb17b1265, type: 3}
  m_PrefabInternal: {fileID: 1785744660}
  serializedVersion: 4
  m_Component:
  - 4: {fileID: 545232382}
  - 33: {fileID: 545232384}
  - 23: {fileID: 545232383}
  m_Layer: 0
  m_Name: BotoSimon_Groc
  m_TagString: Untagged
  m_Icon: {fileID: 0}
  m_NavMeshLayer: 0
  m_StaticEditorFlags: 0
  m_IsActive: 1
--- !u!4 &545232382
Transform:
  m_ObjectHideFlags: 0
  m_PrefabParentObject: {fileID: 400004, guid: e2cf4d86fbf744165b07152fb17b1265, type: 3}
  m_PrefabInternal: {fileID: 1785744660}
  m_GameObject: {fileID: 545232381}
  m_LocalRotation: {x: -0.5455563, y: -0.44985372, z: -0.44985378, w: 0.5455562}
  m_LocalPosition: {x: -0.5994009, y: -0.07327527, z: -1.5928419}
  m_LocalScale: {x: 1, y: 1, z: 1}
  m_LocalEulerAnglesHint: {x: 0, y: 0, z: 0}
  m_Children: []
  m_Father: {fileID: 1785744661}
  m_RootOrder: 1
--- !u!23 &545232383
MeshRenderer:
  m_ObjectHideFlags: 0
  m_PrefabParentObject: {fileID: 2300002, guid: e2cf4d86fbf744165b07152fb17b1265,
    type: 3}
  m_PrefabInternal: {fileID: 1785744660}
  m_GameObject: {fileID: 545232381}
  m_Enabled: 1
  m_CastShadows: 1
  m_ReceiveShadows: 1
  m_MotionVectors: 1
  m_LightProbeUsage: 1
  m_ReflectionProbeUsage: 1
  m_Materials:
  - {fileID: 2100000, guid: bbac1f004b3a946e597e1d650c533ab7, type: 2}
  m_SubsetIndices: 
  m_StaticBatchRoot: {fileID: 0}
  m_ProbeAnchor: {fileID: 0}
  m_LightProbeVolumeOverride: {fileID: 0}
  m_ScaleInLightmap: 1
  m_PreserveUVs: 0
  m_IgnoreNormalsForChartDetection: 0
  m_ImportantGI: 0
  m_SelectedWireframeHidden: 0
  m_MinimumChartSize: 4
  m_AutoUVMaxDistance: 0.5
  m_AutoUVMaxAngle: 89
  m_LightmapParameters: {fileID: 0}
  m_SortingLayerID: 0
  m_SortingOrder: 0
--- !u!33 &545232384
MeshFilter:
  m_ObjectHideFlags: 0
  m_PrefabParentObject: {fileID: 3300002, guid: e2cf4d86fbf744165b07152fb17b1265,
    type: 3}
  m_PrefabInternal: {fileID: 1785744660}
  m_GameObject: {fileID: 545232381}
  m_Mesh: {fileID: 4300002, guid: e2cf4d86fbf744165b07152fb17b1265, type: 3}
--- !u!1 &617337158
GameObject:
  m_ObjectHideFlags: 0
  m_PrefabParentObject: {fileID: 100002, guid: e431051b75d1f4d4b8a0292add5a62a7, type: 3}
  m_PrefabInternal: {fileID: 1994123673}
  serializedVersion: 4
  m_Component:
  - 4: {fileID: 617337159}
  - 33: {fileID: 617337161}
  - 23: {fileID: 617337160}
  m_Layer: 0
  m_Name: 3x3_FITXA_VERMELLA
  m_TagString: Untagged
  m_Icon: {fileID: 0}
  m_NavMeshLayer: 0
  m_StaticEditorFlags: 0
  m_IsActive: 1
--- !u!4 &617337159
Transform:
  m_ObjectHideFlags: 0
  m_PrefabParentObject: {fileID: 400002, guid: e431051b75d1f4d4b8a0292add5a62a7, type: 3}
  m_PrefabInternal: {fileID: 1994123673}
  m_GameObject: {fileID: 617337158}
  m_LocalRotation: {x: -0.7071068, y: 0, z: -0, w: 0.7071067}
  m_LocalPosition: {x: 0.0083121825, y: 0.061476678, z: -0.04807828}
  m_LocalScale: {x: 2.1460786, y: 2.1460786, z: 2.1460786}
  m_LocalEulerAnglesHint: {x: 0, y: 0, z: 0}
  m_Children: []
  m_Father: {fileID: 1994123674}
  m_RootOrder: 1
--- !u!23 &617337160
MeshRenderer:
  m_ObjectHideFlags: 0
  m_PrefabParentObject: {fileID: 2300002, guid: e431051b75d1f4d4b8a0292add5a62a7,
    type: 3}
  m_PrefabInternal: {fileID: 1994123673}
  m_GameObject: {fileID: 617337158}
  m_Enabled: 1
  m_CastShadows: 1
  m_ReceiveShadows: 1
  m_MotionVectors: 1
  m_LightProbeUsage: 1
  m_ReflectionProbeUsage: 1
  m_Materials:
  - {fileID: 2100000, guid: 22e2818f8af024313a0ffcd5ec2d3c2b, type: 2}
  m_SubsetIndices: 
  m_StaticBatchRoot: {fileID: 0}
  m_ProbeAnchor: {fileID: 0}
  m_LightProbeVolumeOverride: {fileID: 0}
  m_ScaleInLightmap: 1
  m_PreserveUVs: 0
  m_IgnoreNormalsForChartDetection: 0
  m_ImportantGI: 0
  m_SelectedWireframeHidden: 0
  m_MinimumChartSize: 4
  m_AutoUVMaxDistance: 0.5
  m_AutoUVMaxAngle: 89
  m_LightmapParameters: {fileID: 0}
  m_SortingLayerID: 0
  m_SortingOrder: 0
--- !u!33 &617337161
MeshFilter:
  m_ObjectHideFlags: 0
  m_PrefabParentObject: {fileID: 3300002, guid: e431051b75d1f4d4b8a0292add5a62a7,
    type: 3}
  m_PrefabInternal: {fileID: 1994123673}
  m_GameObject: {fileID: 617337158}
  m_Mesh: {fileID: 4300002, guid: e431051b75d1f4d4b8a0292add5a62a7, type: 3}
--- !u!1 &620291132
GameObject:
  m_ObjectHideFlags: 0
  m_PrefabParentObject: {fileID: 100000, guid: 49127408ca0d44792885c926da7d7dca, type: 3}
  m_PrefabInternal: {fileID: 441255676}
  serializedVersion: 4
  m_Component:
  - 4: {fileID: 441255677}
  - 33: {fileID: 620291135}
  - 23: {fileID: 620291134}
  - 95: {fileID: 620291133}
  m_Layer: 0
  m_Name: Base_Simon
  m_TagString: Untagged
  m_Icon: {fileID: 0}
  m_NavMeshLayer: 0
  m_StaticEditorFlags: 0
  m_IsActive: 1
--- !u!95 &620291133
Animator:
  serializedVersion: 3
  m_ObjectHideFlags: 0
  m_PrefabParentObject: {fileID: 9500000, guid: 49127408ca0d44792885c926da7d7dca,
    type: 3}
  m_PrefabInternal: {fileID: 441255676}
  m_GameObject: {fileID: 620291132}
  m_Enabled: 1
  m_Avatar: {fileID: 9000000, guid: 49127408ca0d44792885c926da7d7dca, type: 3}
  m_Controller: {fileID: 0}
  m_CullingMode: 0
  m_UpdateMode: 0
  m_ApplyRootMotion: 0
  m_LinearVelocityBlending: 0
  m_WarningMessage: 
  m_HasTransformHierarchy: 1
  m_AllowConstantClipSamplingOptimization: 1
--- !u!23 &620291134
MeshRenderer:
  m_ObjectHideFlags: 0
  m_PrefabParentObject: {fileID: 2300000, guid: 49127408ca0d44792885c926da7d7dca,
    type: 3}
  m_PrefabInternal: {fileID: 441255676}
  m_GameObject: {fileID: 620291132}
  m_Enabled: 1
  m_CastShadows: 1
  m_ReceiveShadows: 1
  m_MotionVectors: 1
  m_LightProbeUsage: 1
  m_ReflectionProbeUsage: 1
  m_Materials:
  - {fileID: 2100000, guid: 90f13da9f786e4f42ae6c49749523ca4, type: 2}
  - {fileID: 2100000, guid: 90f13da9f786e4f42ae6c49749523ca4, type: 2}
  - {fileID: 2100000, guid: 90f13da9f786e4f42ae6c49749523ca4, type: 2}
  - {fileID: 2100000, guid: 90f13da9f786e4f42ae6c49749523ca4, type: 2}
  - {fileID: 2100000, guid: 90f13da9f786e4f42ae6c49749523ca4, type: 2}
  - {fileID: 2100000, guid: 90f13da9f786e4f42ae6c49749523ca4, type: 2}
  - {fileID: 2100000, guid: 90f13da9f786e4f42ae6c49749523ca4, type: 2}
  - {fileID: 2100000, guid: 90f13da9f786e4f42ae6c49749523ca4, type: 2}
  - {fileID: 2100000, guid: 90f13da9f786e4f42ae6c49749523ca4, type: 2}
  m_SubsetIndices: 
  m_StaticBatchRoot: {fileID: 0}
  m_ProbeAnchor: {fileID: 0}
  m_LightProbeVolumeOverride: {fileID: 0}
  m_ScaleInLightmap: 1
  m_PreserveUVs: 0
  m_IgnoreNormalsForChartDetection: 0
  m_ImportantGI: 0
  m_SelectedWireframeHidden: 0
  m_MinimumChartSize: 4
  m_AutoUVMaxDistance: 0.5
  m_AutoUVMaxAngle: 89
  m_LightmapParameters: {fileID: 0}
  m_SortingLayerID: 0
  m_SortingOrder: 0
--- !u!33 &620291135
MeshFilter:
  m_ObjectHideFlags: 0
  m_PrefabParentObject: {fileID: 3300000, guid: 49127408ca0d44792885c926da7d7dca,
    type: 3}
  m_PrefabInternal: {fileID: 441255676}
  m_GameObject: {fileID: 620291132}
  m_Mesh: {fileID: 4300000, guid: 49127408ca0d44792885c926da7d7dca, type: 3}
--- !u!1 &678528277
GameObject:
  m_ObjectHideFlags: 0
  m_PrefabParentObject: {fileID: 0}
  m_PrefabInternal: {fileID: 0}
  serializedVersion: 4
  m_Component:
  - 4: {fileID: 678528282}
  - 20: {fileID: 678528281}
  - 92: {fileID: 678528280}
  - 124: {fileID: 678528279}
  - 81: {fileID: 678528278}
  m_Layer: 0
  m_Name: Main Camera
  m_TagString: MainCamera
  m_Icon: {fileID: 0}
  m_NavMeshLayer: 0
  m_StaticEditorFlags: 0
  m_IsActive: 1
--- !u!81 &678528278
AudioListener:
  m_ObjectHideFlags: 0
  m_PrefabParentObject: {fileID: 0}
  m_PrefabInternal: {fileID: 0}
  m_GameObject: {fileID: 678528277}
  m_Enabled: 1
--- !u!124 &678528279
Behaviour:
  m_ObjectHideFlags: 0
  m_PrefabParentObject: {fileID: 0}
  m_PrefabInternal: {fileID: 0}
  m_GameObject: {fileID: 678528277}
  m_Enabled: 1
--- !u!92 &678528280
Behaviour:
  m_ObjectHideFlags: 0
  m_PrefabParentObject: {fileID: 0}
  m_PrefabInternal: {fileID: 0}
  m_GameObject: {fileID: 678528277}
  m_Enabled: 1
--- !u!20 &678528281
Camera:
  m_ObjectHideFlags: 0
  m_PrefabParentObject: {fileID: 0}
  m_PrefabInternal: {fileID: 0}
  m_GameObject: {fileID: 678528277}
  m_Enabled: 1
  serializedVersion: 2
  m_ClearFlags: 1
  m_BackGroundColor: {r: 0.19215687, g: 0.3019608, b: 0.4745098, a: 0}
  m_NormalizedViewPortRect:
    serializedVersion: 2
    x: 0
    y: 0
    width: 1
    height: 1
  near clip plane: 0.3
  far clip plane: 1000
  field of view: 60
  orthographic: 0
  orthographic size: 5
  m_Depth: -1
  m_CullingMask:
    serializedVersion: 2
    m_Bits: 4294967295
  m_RenderingPath: -1
  m_TargetTexture: {fileID: 0}
  m_TargetDisplay: 0
  m_TargetEye: 3
  m_HDR: 0
  m_OcclusionCulling: 1
  m_StereoConvergence: 10
  m_StereoSeparation: 0.022
  m_StereoMirrorMode: 0
--- !u!4 &678528282
Transform:
  m_ObjectHideFlags: 0
  m_PrefabParentObject: {fileID: 0}
  m_PrefabInternal: {fileID: 0}
  m_GameObject: {fileID: 678528277}
  m_LocalRotation: {x: -0.4275564, y: -0.45483583, z: 0.2645526, w: -0.7350727}
  m_LocalPosition: {x: -3.743102, y: 5.3517456, z: -1.6620631}
  m_LocalScale: {x: 1, y: 1, z: 1}
  m_LocalEulerAnglesHint: {x: 0, y: 0, z: 0}
  m_Children: []
  m_Father: {fileID: 0}
  m_RootOrder: 2
--- !u!1 &834984155
GameObject:
  m_ObjectHideFlags: 0
  m_PrefabParentObject: {fileID: 0}
  m_PrefabInternal: {fileID: 0}
  serializedVersion: 4
  m_Component:
  - 224: {fileID: 834984156}
  - 222: {fileID: 834984161}
  - 114: {fileID: 834984160}
  - 114: {fileID: 834984159}
  - 95: {fileID: 834984158}
  - 114: {fileID: 834984157}
  m_Layer: 5
  m_Name: Button (6)
  m_TagString: Untagged
  m_Icon: {fileID: 0}
  m_NavMeshLayer: 0
  m_StaticEditorFlags: 0
  m_IsActive: 1
--- !u!224 &834984156
RectTransform:
  m_ObjectHideFlags: 0
  m_PrefabParentObject: {fileID: 0}
  m_PrefabInternal: {fileID: 0}
  m_GameObject: {fileID: 834984155}
  m_LocalRotation: {x: -0, y: -0, z: -0, w: 1}
  m_LocalPosition: {x: 0, y: 0, z: 0}
  m_LocalScale: {x: 1.6703812, y: 4.801556, z: 1.3157568}
  m_LocalEulerAnglesHint: {x: 0, y: 0, z: 0}
  m_Children:
  - {fileID: 1562335660}
  m_Father: {fileID: 11059543}
  m_RootOrder: 0
  m_AnchorMin: {x: 0.5, y: 0.5}
  m_AnchorMax: {x: 0.5, y: 0.5}
  m_AnchoredPosition: {x: 4.723114, y: -5.3758583}
  m_SizeDelta: {x: 256, y: 64}
  m_Pivot: {x: 0.5, y: 0.5}
--- !u!114 &834984157
MonoBehaviour:
  m_ObjectHideFlags: 0
  m_PrefabParentObject: {fileID: 0}
  m_PrefabInternal: {fileID: 0}
  m_GameObject: {fileID: 834984155}
  m_Enabled: 1
  m_EditorHideFlags: 0
  m_Script: {fileID: 11500000, guid: acbb856ee0f1ed44693d37d4ec331590, type: 3}
  m_Name: 
  m_EditorClassIdentifier: 
  SceneName: Scene_Menu
  btn: {fileID: 834984159}
--- !u!95 &834984158
Animator:
  serializedVersion: 3
  m_ObjectHideFlags: 0
  m_PrefabParentObject: {fileID: 0}
  m_PrefabInternal: {fileID: 0}
  m_GameObject: {fileID: 834984155}
  m_Enabled: 1
  m_Avatar: {fileID: 0}
  m_Controller: {fileID: 9100000, guid: ebcd3ee558646e2419f59d5c6bffc42c, type: 2}
  m_CullingMode: 0
  m_UpdateMode: 0
  m_ApplyRootMotion: 0
  m_LinearVelocityBlending: 0
  m_WarningMessage: 
  m_HasTransformHierarchy: 1
  m_AllowConstantClipSamplingOptimization: 1
--- !u!114 &834984159
MonoBehaviour:
  m_ObjectHideFlags: 0
  m_PrefabParentObject: {fileID: 0}
  m_PrefabInternal: {fileID: 0}
  m_GameObject: {fileID: 834984155}
  m_Enabled: 1
  m_EditorHideFlags: 0
  m_Script: {fileID: 1392445389, guid: f5f67c52d1564df4a8936ccd202a3bd8, type: 3}
  m_Name: 
  m_EditorClassIdentifier: 
  m_Navigation:
    m_Mode: 0
    m_SelectOnUp: {fileID: 0}
    m_SelectOnDown: {fileID: 0}
    m_SelectOnLeft: {fileID: 0}
    m_SelectOnRight: {fileID: 0}
  m_Transition: 3
  m_Colors:
    m_NormalColor: {r: 1, g: 1, b: 1, a: 1}
    m_HighlightedColor: {r: 0.9607843, g: 0.9607843, b: 0.9607843, a: 1}
    m_PressedColor: {r: 0.78431374, g: 0.78431374, b: 0.78431374, a: 1}
    m_DisabledColor: {r: 0.78431374, g: 0.78431374, b: 0.78431374, a: 0.5019608}
    m_ColorMultiplier: 1
    m_FadeDuration: 0.1
  m_SpriteState:
    m_HighlightedSprite: {fileID: 21300000, guid: 6f133b4a01a99cc47bc0360bcac43e68,
      type: 3}
    m_PressedSprite: {fileID: 21300000, guid: 6f133b4a01a99cc47bc0360bcac43e68, type: 3}
    m_DisabledSprite: {fileID: 0}
  m_AnimationTriggers:
    m_NormalTrigger: Normal
    m_HighlightedTrigger: Highlighted
    m_PressedTrigger: Pressed
    m_DisabledTrigger: Disabled
  m_Interactable: 1
  m_TargetGraphic: {fileID: 834984160}
  m_OnClick:
    m_PersistentCalls:
      m_Calls: []
    m_TypeName: UnityEngine.UI.Button+ButtonClickedEvent, UnityEngine.UI, Version=1.0.0.0,
      Culture=neutral, PublicKeyToken=null
--- !u!114 &834984160
MonoBehaviour:
  m_ObjectHideFlags: 0
  m_PrefabParentObject: {fileID: 0}
  m_PrefabInternal: {fileID: 0}
  m_GameObject: {fileID: 834984155}
  m_Enabled: 1
  m_EditorHideFlags: 0
  m_Script: {fileID: -765806418, guid: f5f67c52d1564df4a8936ccd202a3bd8, type: 3}
  m_Name: 
  m_EditorClassIdentifier: 
  m_Material: {fileID: 0}
  m_Color: {r: 1, g: 1, b: 1, a: 1}
  m_RaycastTarget: 1
  m_OnCullStateChanged:
    m_PersistentCalls:
      m_Calls: []
    m_TypeName: UnityEngine.UI.MaskableGraphic+CullStateChangedEvent, UnityEngine.UI,
      Version=1.0.0.0, Culture=neutral, PublicKeyToken=null
  m_Sprite: {fileID: 21300000, guid: 372ef87e9e40e3546bc67872e4570423, type: 3}
  m_Type: 0
  m_PreserveAspect: 0
  m_FillCenter: 1
  m_FillMethod: 4
  m_FillAmount: 1
  m_FillClockwise: 1
  m_FillOrigin: 0
--- !u!222 &834984161
CanvasRenderer:
  m_ObjectHideFlags: 0
  m_PrefabParentObject: {fileID: 0}
  m_PrefabInternal: {fileID: 0}
  m_GameObject: {fileID: 834984155}
--- !u!1 &839508663
GameObject:
  m_ObjectHideFlags: 0
  m_PrefabParentObject: {fileID: 0}
  m_PrefabInternal: {fileID: 0}
  serializedVersion: 4
  m_Component:
  - 4: {fileID: 839508664}
  m_Layer: 0
  m_Name: SpaceStar
  m_TagString: Untagged
  m_Icon: {fileID: 0}
  m_NavMeshLayer: 0
  m_StaticEditorFlags: 0
  m_IsActive: 1
--- !u!4 &839508664
Transform:
  m_ObjectHideFlags: 0
  m_PrefabParentObject: {fileID: 0}
  m_PrefabInternal: {fileID: 0}
  m_GameObject: {fileID: 839508663}
  m_LocalRotation: {x: 0, y: 0, z: 0, w: 1}
  m_LocalPosition: {x: 0, y: 0, z: 0}
  m_LocalScale: {x: 15, y: 15, z: 15}
  m_LocalEulerAnglesHint: {x: 0, y: 0, z: 0}
  m_Children:
  - {fileID: 1137632995}
  - {fileID: 1785744661}
  - {fileID: 441255677}
  - {fileID: 116238114}
  - {fileID: 1994123674}
  - {fileID: 1441047845}
  - {fileID: 991229214}
  - {fileID: 105184227}
  - {fileID: 2033270518}
  m_Father: {fileID: 0}
  m_RootOrder: 0
--- !u!1 &840737594
GameObject:
  m_ObjectHideFlags: 0
  m_PrefabParentObject: {fileID: 100000, guid: 276a288f9aa8e4a09a5472f6bd9b2686, type: 3}
  m_PrefabInternal: {fileID: 2033270517}
  serializedVersion: 4
  m_Component:
  - 4: {fileID: 2033270518}
  - 33: {fileID: 840737597}
  - 23: {fileID: 840737596}
  - 95: {fileID: 840737595}
  m_Layer: 0
  m_Name: base_Dinamiques
  m_TagString: Untagged
  m_Icon: {fileID: 0}
  m_NavMeshLayer: 0
  m_StaticEditorFlags: 0
  m_IsActive: 1
--- !u!95 &840737595
Animator:
  serializedVersion: 3
  m_ObjectHideFlags: 0
  m_PrefabParentObject: {fileID: 9500000, guid: 276a288f9aa8e4a09a5472f6bd9b2686,
    type: 3}
  m_PrefabInternal: {fileID: 2033270517}
  m_GameObject: {fileID: 840737594}
  m_Enabled: 1
  m_Avatar: {fileID: 9000000, guid: 276a288f9aa8e4a09a5472f6bd9b2686, type: 3}
  m_Controller: {fileID: 0}
  m_CullingMode: 0
  m_UpdateMode: 0
  m_ApplyRootMotion: 0
  m_LinearVelocityBlending: 0
  m_WarningMessage: 
  m_HasTransformHierarchy: 1
  m_AllowConstantClipSamplingOptimization: 1
--- !u!23 &840737596
MeshRenderer:
  m_ObjectHideFlags: 0
  m_PrefabParentObject: {fileID: 2300000, guid: 276a288f9aa8e4a09a5472f6bd9b2686,
    type: 3}
  m_PrefabInternal: {fileID: 2033270517}
  m_GameObject: {fileID: 840737594}
  m_Enabled: 1
  m_CastShadows: 1
  m_ReceiveShadows: 1
  m_MotionVectors: 1
  m_LightProbeUsage: 1
  m_ReflectionProbeUsage: 1
  m_Materials:
  - {fileID: 2100000, guid: e1ec88d73696c465d856910eca328f57, type: 2}
  - {fileID: 2100000, guid: e1ec88d73696c465d856910eca328f57, type: 2}
  - {fileID: 2100000, guid: e1ec88d73696c465d856910eca328f57, type: 2}
  - {fileID: 2100000, guid: e1ec88d73696c465d856910eca328f57, type: 2}
  - {fileID: 2100000, guid: e1ec88d73696c465d856910eca328f57, type: 2}
  - {fileID: 2100000, guid: e1ec88d73696c465d856910eca328f57, type: 2}
  - {fileID: 2100000, guid: e1ec88d73696c465d856910eca328f57, type: 2}
  - {fileID: 2100000, guid: e1ec88d73696c465d856910eca328f57, type: 2}
  - {fileID: 2100000, guid: e1ec88d73696c465d856910eca328f57, type: 2}
  - {fileID: 2100000, guid: e1ec88d73696c465d856910eca328f57, type: 2}
  m_SubsetIndices: 
  m_StaticBatchRoot: {fileID: 0}
  m_ProbeAnchor: {fileID: 0}
  m_LightProbeVolumeOverride: {fileID: 0}
  m_ScaleInLightmap: 1
  m_PreserveUVs: 0
  m_IgnoreNormalsForChartDetection: 0
  m_ImportantGI: 0
  m_SelectedWireframeHidden: 0
  m_MinimumChartSize: 4
  m_AutoUVMaxDistance: 0.5
  m_AutoUVMaxAngle: 89
  m_LightmapParameters: {fileID: 0}
  m_SortingLayerID: 0
  m_SortingOrder: 0
--- !u!33 &840737597
MeshFilter:
  m_ObjectHideFlags: 0
  m_PrefabParentObject: {fileID: 3300000, guid: 276a288f9aa8e4a09a5472f6bd9b2686,
    type: 3}
  m_PrefabInternal: {fileID: 2033270517}
  m_GameObject: {fileID: 840737594}
  m_Mesh: {fileID: 4300000, guid: 276a288f9aa8e4a09a5472f6bd9b2686, type: 3}
--- !u!1 &897121858
GameObject:
  m_ObjectHideFlags: 0
  m_PrefabParentObject: {fileID: 100000, guid: 7328b9d532bb4456ba00f3d3e1a5189a, type: 3}
  m_PrefabInternal: {fileID: 1137632994}
  serializedVersion: 4
  m_Component:
  - 4: {fileID: 1137632995}
  - 33: {fileID: 897121861}
  - 23: {fileID: 897121860}
  - 95: {fileID: 897121859}
  m_Layer: 0
  m_Name: Base_Shooter
  m_TagString: Untagged
  m_Icon: {fileID: 0}
  m_NavMeshLayer: 0
  m_StaticEditorFlags: 0
  m_IsActive: 1
--- !u!95 &897121859
Animator:
  serializedVersion: 3
  m_ObjectHideFlags: 0
  m_PrefabParentObject: {fileID: 9500000, guid: 7328b9d532bb4456ba00f3d3e1a5189a,
    type: 3}
  m_PrefabInternal: {fileID: 1137632994}
  m_GameObject: {fileID: 897121858}
  m_Enabled: 1
  m_Avatar: {fileID: 9000000, guid: 7328b9d532bb4456ba00f3d3e1a5189a, type: 3}
  m_Controller: {fileID: 0}
  m_CullingMode: 0
  m_UpdateMode: 0
  m_ApplyRootMotion: 0
  m_LinearVelocityBlending: 0
  m_WarningMessage: 
  m_HasTransformHierarchy: 1
  m_AllowConstantClipSamplingOptimization: 1
--- !u!23 &897121860
MeshRenderer:
  m_ObjectHideFlags: 0
  m_PrefabParentObject: {fileID: 2300000, guid: 7328b9d532bb4456ba00f3d3e1a5189a,
    type: 3}
  m_PrefabInternal: {fileID: 1137632994}
  m_GameObject: {fileID: 897121858}
  m_Enabled: 1
  m_CastShadows: 1
  m_ReceiveShadows: 1
  m_MotionVectors: 1
  m_LightProbeUsage: 1
  m_ReflectionProbeUsage: 1
  m_Materials:
  - {fileID: 2100000, guid: 71864da51b92b4b238ca5137f74c5490, type: 2}
  - {fileID: 2100000, guid: 71864da51b92b4b238ca5137f74c5490, type: 2}
  - {fileID: 2100000, guid: 71864da51b92b4b238ca5137f74c5490, type: 2}
  - {fileID: 2100000, guid: 71864da51b92b4b238ca5137f74c5490, type: 2}
  - {fileID: 2100000, guid: 71864da51b92b4b238ca5137f74c5490, type: 2}
  - {fileID: 2100000, guid: 71864da51b92b4b238ca5137f74c5490, type: 2}
  - {fileID: 2100000, guid: 71864da51b92b4b238ca5137f74c5490, type: 2}
  m_SubsetIndices: 
  m_StaticBatchRoot: {fileID: 0}
  m_ProbeAnchor: {fileID: 0}
  m_LightProbeVolumeOverride: {fileID: 0}
  m_ScaleInLightmap: 1
  m_PreserveUVs: 0
  m_IgnoreNormalsForChartDetection: 0
  m_ImportantGI: 0
  m_SelectedWireframeHidden: 0
  m_MinimumChartSize: 4
  m_AutoUVMaxDistance: 0.5
  m_AutoUVMaxAngle: 89
  m_LightmapParameters: {fileID: 0}
  m_SortingLayerID: 0
  m_SortingOrder: 0
--- !u!33 &897121861
MeshFilter:
  m_ObjectHideFlags: 0
  m_PrefabParentObject: {fileID: 3300000, guid: 7328b9d532bb4456ba00f3d3e1a5189a,
    type: 3}
  m_PrefabInternal: {fileID: 1137632994}
  m_GameObject: {fileID: 897121858}
  m_Mesh: {fileID: 4300000, guid: 7328b9d532bb4456ba00f3d3e1a5189a, type: 3}
--- !u!1001 &991229213
Prefab:
  m_ObjectHideFlags: 0
  serializedVersion: 2
  m_Modification:
    m_TransformParent: {fileID: 839508664}
    m_Modifications:
    - target: {fileID: 400000, guid: 12798b2e8a9ec4a36af55920bfeaa278, type: 3}
      propertyPath: m_LocalPosition.x
      value: -0.08938899
      objectReference: {fileID: 0}
    - target: {fileID: 400000, guid: 12798b2e8a9ec4a36af55920bfeaa278, type: 3}
      propertyPath: m_LocalPosition.y
      value: 0.015609104
      objectReference: {fileID: 0}
    - target: {fileID: 400000, guid: 12798b2e8a9ec4a36af55920bfeaa278, type: 3}
      propertyPath: m_LocalPosition.z
      value: -0.03728199
      objectReference: {fileID: 0}
    - target: {fileID: 400000, guid: 12798b2e8a9ec4a36af55920bfeaa278, type: 3}
      propertyPath: m_LocalRotation.x
      value: -0.7071068
      objectReference: {fileID: 0}
    - target: {fileID: 400000, guid: 12798b2e8a9ec4a36af55920bfeaa278, type: 3}
      propertyPath: m_LocalRotation.y
      value: 0
      objectReference: {fileID: 0}
    - target: {fileID: 400000, guid: 12798b2e8a9ec4a36af55920bfeaa278, type: 3}
      propertyPath: m_LocalRotation.z
      value: -0
      objectReference: {fileID: 0}
    - target: {fileID: 400000, guid: 12798b2e8a9ec4a36af55920bfeaa278, type: 3}
      propertyPath: m_LocalRotation.w
      value: 0.7071067
      objectReference: {fileID: 0}
    - target: {fileID: 400000, guid: 12798b2e8a9ec4a36af55920bfeaa278, type: 3}
      propertyPath: m_RootOrder
      value: 6
      objectReference: {fileID: 0}
    m_RemovedComponents: []
  m_ParentPrefab: {fileID: 100100000, guid: 12798b2e8a9ec4a36af55920bfeaa278, type: 3}
  m_RootGameObject: {fileID: 1828344190}
  m_IsPrefabParent: 0
--- !u!4 &991229214
Transform:
  m_ObjectHideFlags: 0
  m_PrefabParentObject: {fileID: 400000, guid: 12798b2e8a9ec4a36af55920bfeaa278, type: 3}
  m_PrefabInternal: {fileID: 991229213}
  m_GameObject: {fileID: 1828344190}
  m_LocalRotation: {x: -0.7071068, y: 0, z: -0, w: 0.7071067}
  m_LocalPosition: {x: -0.08938899, y: 0.015609104, z: -0.03728199}
  m_LocalScale: {x: 1, y: 1, z: 1}
  m_LocalEulerAnglesHint: {x: 0, y: 0, z: 0}
  m_Children: []
  m_Father: {fileID: 839508664}
  m_RootOrder: 6
--- !u!1 &1137003722
GameObject:
  m_ObjectHideFlags: 0
  m_PrefabParentObject: {fileID: 100002, guid: e2cf4d86fbf744165b07152fb17b1265, type: 3}
  m_PrefabInternal: {fileID: 1785744660}
  serializedVersion: 4
  m_Component:
  - 4: {fileID: 1137003723}
  - 33: {fileID: 1137003725}
  - 23: {fileID: 1137003724}
  m_Layer: 0
  m_Name: BotoSimon_Blau
  m_TagString: Untagged
  m_Icon: {fileID: 0}
  m_NavMeshLayer: 0
  m_StaticEditorFlags: 0
  m_IsActive: 1
--- !u!4 &1137003723
Transform:
  m_ObjectHideFlags: 0
  m_PrefabParentObject: {fileID: 400002, guid: e2cf4d86fbf744165b07152fb17b1265, type: 3}
  m_PrefabInternal: {fileID: 1785744660}
  m_GameObject: {fileID: 1137003722}
  m_LocalRotation: {x: -0.5455563, y: -0.44985372, z: -0.44985378, w: 0.5455562}
  m_LocalPosition: {x: -0.5800842, y: -0.07327501, z: -1.6708808}
  m_LocalScale: {x: 1, y: 1, z: 1}
  m_LocalEulerAnglesHint: {x: 0, y: 0, z: 0}
  m_Children: []
  m_Father: {fileID: 1785744661}
  m_RootOrder: 0
--- !u!23 &1137003724
MeshRenderer:
  m_ObjectHideFlags: 0
  m_PrefabParentObject: {fileID: 2300000, guid: e2cf4d86fbf744165b07152fb17b1265,
    type: 3}
  m_PrefabInternal: {fileID: 1785744660}
  m_GameObject: {fileID: 1137003722}
  m_Enabled: 1
  m_CastShadows: 1
  m_ReceiveShadows: 1
  m_MotionVectors: 1
  m_LightProbeUsage: 1
  m_ReflectionProbeUsage: 1
  m_Materials:
  - {fileID: 2100000, guid: a8339c2db00a74eb3a650bf34814a634, type: 2}
  m_SubsetIndices: 
  m_StaticBatchRoot: {fileID: 0}
  m_ProbeAnchor: {fileID: 0}
  m_LightProbeVolumeOverride: {fileID: 0}
  m_ScaleInLightmap: 1
  m_PreserveUVs: 0
  m_IgnoreNormalsForChartDetection: 0
  m_ImportantGI: 0
  m_SelectedWireframeHidden: 0
  m_MinimumChartSize: 4
  m_AutoUVMaxDistance: 0.5
  m_AutoUVMaxAngle: 89
  m_LightmapParameters: {fileID: 0}
  m_SortingLayerID: 0
  m_SortingOrder: 0
--- !u!33 &1137003725
MeshFilter:
  m_ObjectHideFlags: 0
  m_PrefabParentObject: {fileID: 3300000, guid: e2cf4d86fbf744165b07152fb17b1265,
    type: 3}
  m_PrefabInternal: {fileID: 1785744660}
  m_GameObject: {fileID: 1137003722}
  m_Mesh: {fileID: 4300004, guid: e2cf4d86fbf744165b07152fb17b1265, type: 3}
--- !u!1001 &1137632994
Prefab:
  m_ObjectHideFlags: 0
  serializedVersion: 2
  m_Modification:
    m_TransformParent: {fileID: 839508664}
    m_Modifications:
    - target: {fileID: 400000, guid: 7328b9d532bb4456ba00f3d3e1a5189a, type: 3}
      propertyPath: m_LocalPosition.x
      value: -0.0602861
      objectReference: {fileID: 0}
    - target: {fileID: 400000, guid: 7328b9d532bb4456ba00f3d3e1a5189a, type: 3}
      propertyPath: m_LocalPosition.y
      value: -0.16640037
      objectReference: {fileID: 0}
    - target: {fileID: 400000, guid: 7328b9d532bb4456ba00f3d3e1a5189a, type: 3}
      propertyPath: m_LocalPosition.z
      value: -0.84870297
      objectReference: {fileID: 0}
    - target: {fileID: 400000, guid: 7328b9d532bb4456ba00f3d3e1a5189a, type: 3}
      propertyPath: m_LocalRotation.x
      value: -0.61153585
      objectReference: {fileID: 0}
    - target: {fileID: 400000, guid: 7328b9d532bb4456ba00f3d3e1a5189a, type: 3}
      propertyPath: m_LocalRotation.y
      value: -0.35499847
      objectReference: {fileID: 0}
    - target: {fileID: 400000, guid: 7328b9d532bb4456ba00f3d3e1a5189a, type: 3}
      propertyPath: m_LocalRotation.z
      value: -0.3549985
      objectReference: {fileID: 0}
    - target: {fileID: 400000, guid: 7328b9d532bb4456ba00f3d3e1a5189a, type: 3}
      propertyPath: m_LocalRotation.w
      value: 0.61153585
      objectReference: {fileID: 0}
    - target: {fileID: 400000, guid: 7328b9d532bb4456ba00f3d3e1a5189a, type: 3}
      propertyPath: m_RootOrder
      value: 0
      objectReference: {fileID: 0}
    m_RemovedComponents: []
  m_ParentPrefab: {fileID: 100100000, guid: 7328b9d532bb4456ba00f3d3e1a5189a, type: 3}
  m_RootGameObject: {fileID: 897121858}
  m_IsPrefabParent: 0
--- !u!4 &1137632995
Transform:
  m_ObjectHideFlags: 0
  m_PrefabParentObject: {fileID: 400000, guid: 7328b9d532bb4456ba00f3d3e1a5189a, type: 3}
  m_PrefabInternal: {fileID: 1137632994}
  m_GameObject: {fileID: 897121858}
  m_LocalRotation: {x: -0.61153585, y: -0.35499847, z: -0.3549985, w: 0.61153585}
  m_LocalPosition: {x: -0.0602861, y: -0.16640037, z: -0.84870297}
  m_LocalScale: {x: 1, y: 1, z: 1}
  m_LocalEulerAnglesHint: {x: 0, y: 0, z: 0}
  m_Children: []
  m_Father: {fileID: 839508664}
  m_RootOrder: 0
--- !u!1 &1186095170
GameObject:
  m_ObjectHideFlags: 0
  m_PrefabParentObject: {fileID: 100000, guid: e2cf4d86fbf744165b07152fb17b1265, type: 3}
  m_PrefabInternal: {fileID: 1785744660}
  serializedVersion: 4
  m_Component:
  - 4: {fileID: 1785744661}
  - 95: {fileID: 1186095171}
  m_Layer: 0
  m_Name: Botons_Simon
  m_TagString: Untagged
  m_Icon: {fileID: 0}
  m_NavMeshLayer: 0
  m_StaticEditorFlags: 0
  m_IsActive: 1
--- !u!95 &1186095171
Animator:
  serializedVersion: 3
  m_ObjectHideFlags: 0
  m_PrefabParentObject: {fileID: 9500000, guid: e2cf4d86fbf744165b07152fb17b1265,
    type: 3}
  m_PrefabInternal: {fileID: 1785744660}
  m_GameObject: {fileID: 1186095170}
  m_Enabled: 1
  m_Avatar: {fileID: 9000000, guid: e2cf4d86fbf744165b07152fb17b1265, type: 3}
  m_Controller: {fileID: 0}
  m_CullingMode: 0
  m_UpdateMode: 0
  m_ApplyRootMotion: 0
  m_LinearVelocityBlending: 0
  m_WarningMessage: 
  m_HasTransformHierarchy: 1
  m_AllowConstantClipSamplingOptimization: 1
--- !u!1 &1285834217
GameObject:
  m_ObjectHideFlags: 0
  m_PrefabParentObject: {fileID: 0}
  m_PrefabInternal: {fileID: 0}
  serializedVersion: 4
  m_Component:
  - 224: {fileID: 1285834221}
  - 223: {fileID: 1285834220}
  - 114: {fileID: 1285834219}
  - 114: {fileID: 1285834218}
  m_Layer: 5
  m_Name: Canvas
  m_TagString: Untagged
  m_Icon: {fileID: 0}
  m_NavMeshLayer: 0
  m_StaticEditorFlags: 0
  m_IsActive: 1
--- !u!114 &1285834218
MonoBehaviour:
  m_ObjectHideFlags: 0
  m_PrefabParentObject: {fileID: 0}
  m_PrefabInternal: {fileID: 0}
  m_GameObject: {fileID: 1285834217}
  m_Enabled: 1
  m_EditorHideFlags: 0
  m_Script: {fileID: 1301386320, guid: f5f67c52d1564df4a8936ccd202a3bd8, type: 3}
  m_Name: 
  m_EditorClassIdentifier: 
  m_IgnoreReversedGraphics: 1
  m_BlockingObjects: 0
  m_BlockingMask:
    serializedVersion: 2
    m_Bits: 4294967295
--- !u!114 &1285834219
MonoBehaviour:
  m_ObjectHideFlags: 0
  m_PrefabParentObject: {fileID: 0}
  m_PrefabInternal: {fileID: 0}
  m_GameObject: {fileID: 1285834217}
  m_Enabled: 1
  m_EditorHideFlags: 0
  m_Script: {fileID: 1980459831, guid: f5f67c52d1564df4a8936ccd202a3bd8, type: 3}
  m_Name: 
  m_EditorClassIdentifier: 
  m_UiScaleMode: 0
  m_ReferencePixelsPerUnit: 100
  m_ScaleFactor: 1
  m_ReferenceResolution: {x: 800, y: 600}
  m_ScreenMatchMode: 0
  m_MatchWidthOrHeight: 0
  m_PhysicalUnit: 3
  m_FallbackScreenDPI: 96
  m_DefaultSpriteDPI: 96
  m_DynamicPixelsPerUnit: 1
--- !u!223 &1285834220
Canvas:
  m_ObjectHideFlags: 0
  m_PrefabParentObject: {fileID: 0}
  m_PrefabInternal: {fileID: 0}
  m_GameObject: {fileID: 1285834217}
  m_Enabled: 1
  serializedVersion: 2
  m_RenderMode: 0
  m_Camera: {fileID: 0}
  m_PlaneDistance: 100
  m_PixelPerfect: 0
  m_ReceivesEvents: 1
  m_OverrideSorting: 0
  m_OverridePixelPerfect: 0
  m_SortingBucketNormalizedSize: 0
  m_SortingLayerID: 0
  m_SortingOrder: 0
  m_TargetDisplay: 0
--- !u!224 &1285834221
RectTransform:
  m_ObjectHideFlags: 0
  m_PrefabParentObject: {fileID: 0}
  m_PrefabInternal: {fileID: 0}
  m_GameObject: {fileID: 1285834217}
  m_LocalRotation: {x: 0, y: 0, z: 0, w: 1}
  m_LocalPosition: {x: 0, y: 0, z: 0}
  m_LocalScale: {x: 0, y: 0, z: 0}
  m_LocalEulerAnglesHint: {x: 0, y: 0, z: 0}
  m_Children:
  - {fileID: 11059543}
  m_Father: {fileID: 0}
  m_RootOrder: 3
  m_AnchorMin: {x: 0, y: 0}
  m_AnchorMax: {x: 0, y: 0}
  m_AnchoredPosition: {x: 0, y: 0}
  m_SizeDelta: {x: 0, y: 0}
  m_Pivot: {x: 0, y: 0}
--- !u!1 &1297509674
GameObject:
  m_ObjectHideFlags: 0
  m_PrefabParentObject: {fileID: 100004, guid: e431051b75d1f4d4b8a0292add5a62a7, type: 3}
  m_PrefabInternal: {fileID: 1994123673}
  serializedVersion: 4
  m_Component:
  - 4: {fileID: 1994123674}
  - 95: {fileID: 1297509675}
  m_Layer: 0
  m_Name: Fitxes 3x3_meteorits
  m_TagString: Untagged
  m_Icon: {fileID: 0}
  m_NavMeshLayer: 0
  m_StaticEditorFlags: 0
  m_IsActive: 1
--- !u!95 &1297509675
Animator:
  serializedVersion: 3
  m_ObjectHideFlags: 0
  m_PrefabParentObject: {fileID: 9500000, guid: e431051b75d1f4d4b8a0292add5a62a7,
    type: 3}
  m_PrefabInternal: {fileID: 1994123673}
  m_GameObject: {fileID: 1297509674}
  m_Enabled: 1
  m_Avatar: {fileID: 9000000, guid: e431051b75d1f4d4b8a0292add5a62a7, type: 3}
  m_Controller: {fileID: 0}
  m_CullingMode: 0
  m_UpdateMode: 0
  m_ApplyRootMotion: 0
  m_LinearVelocityBlending: 0
  m_WarningMessage: 
  m_HasTransformHierarchy: 1
  m_AllowConstantClipSamplingOptimization: 1
--- !u!1001 &1441047844
Prefab:
  m_ObjectHideFlags: 0
  serializedVersion: 2
  m_Modification:
    m_TransformParent: {fileID: 839508664}
    m_Modifications:
    - target: {fileID: 400000, guid: 178cc2ab5ed7c4942b8d9a042c14f662, type: 3}
      propertyPath: m_LocalPosition.x
      value: -0.08228732
      objectReference: {fileID: 0}
    - target: {fileID: 400000, guid: 178cc2ab5ed7c4942b8d9a042c14f662, type: 3}
      propertyPath: m_LocalPosition.y
      value: 0.07701988
      objectReference: {fileID: 0}
    - target: {fileID: 400000, guid: 178cc2ab5ed7c4942b8d9a042c14f662, type: 3}
      propertyPath: m_LocalPosition.z
      value: -1.0731994
      objectReference: {fileID: 0}
    - target: {fileID: 400000, guid: 178cc2ab5ed7c4942b8d9a042c14f662, type: 3}
      propertyPath: m_LocalRotation.x
      value: -0.7071068
      objectReference: {fileID: 0}
    - target: {fileID: 400000, guid: 178cc2ab5ed7c4942b8d9a042c14f662, type: 3}
      propertyPath: m_LocalRotation.y
      value: 0
      objectReference: {fileID: 0}
    - target: {fileID: 400000, guid: 178cc2ab5ed7c4942b8d9a042c14f662, type: 3}
      propertyPath: m_LocalRotation.z
      value: -0
      objectReference: {fileID: 0}
    - target: {fileID: 400000, guid: 178cc2ab5ed7c4942b8d9a042c14f662, type: 3}
      propertyPath: m_LocalRotation.w
      value: 0.7071067
      objectReference: {fileID: 0}
    - target: {fileID: 400000, guid: 178cc2ab5ed7c4942b8d9a042c14f662, type: 3}
      propertyPath: m_RootOrder
      value: 5
      objectReference: {fileID: 0}
    m_RemovedComponents: []
  m_ParentPrefab: {fileID: 100100000, guid: 178cc2ab5ed7c4942b8d9a042c14f662, type: 3}
  m_RootGameObject: {fileID: 2104352110}
  m_IsPrefabParent: 0
--- !u!4 &1441047845
Transform:
  m_ObjectHideFlags: 0
  m_PrefabParentObject: {fileID: 400000, guid: 178cc2ab5ed7c4942b8d9a042c14f662, type: 3}
  m_PrefabInternal: {fileID: 1441047844}
  m_GameObject: {fileID: 2104352110}
  m_LocalRotation: {x: -0.7071068, y: 0, z: -0, w: 0.7071067}
  m_LocalPosition: {x: -0.08228732, y: 0.07701988, z: -1.0731994}
  m_LocalScale: {x: 1, y: 1, z: 1}
  m_LocalEulerAnglesHint: {x: 0, y: 0, z: 0}
  m_Children: []
  m_Father: {fileID: 839508664}
  m_RootOrder: 5
--- !u!1 &1517882369
GameObject:
  m_ObjectHideFlags: 0
  m_PrefabParentObject: {fileID: 0}
  m_PrefabInternal: {fileID: 0}
  serializedVersion: 4
  m_Component:
  - 4: {fileID: 1517882371}
  - 108: {fileID: 1517882370}
  m_Layer: 0
  m_Name: Directional Light
  m_TagString: Untagged
  m_Icon: {fileID: 0}
  m_NavMeshLayer: 0
  m_StaticEditorFlags: 0
  m_IsActive: 1
--- !u!108 &1517882370
Light:
  m_ObjectHideFlags: 0
  m_PrefabParentObject: {fileID: 0}
  m_PrefabInternal: {fileID: 0}
  m_GameObject: {fileID: 1517882369}
  m_Enabled: 1
  serializedVersion: 7
  m_Type: 1
  m_Color: {r: 1, g: 0.95686275, b: 0.8392157, a: 1}
  m_Intensity: 1
  m_Range: 10
  m_SpotAngle: 30
  m_CookieSize: 10
  m_Shadows:
    m_Type: 2
    m_Resolution: -1
    m_CustomResolution: -1
    m_Strength: 1
    m_Bias: 0.05
    m_NormalBias: 0.4
    m_NearPlane: 0.2
  m_Cookie: {fileID: 0}
  m_DrawHalo: 0
  m_Flare: {fileID: 0}
  m_RenderMode: 0
  m_CullingMask:
    serializedVersion: 2
    m_Bits: 4294967295
  m_Lightmapping: 4
  m_AreaSize: {x: 1, y: 1}
  m_BounceIntensity: 1
  m_ShadowRadius: 0
  m_ShadowAngle: 0
--- !u!4 &1517882371
Transform:
  m_ObjectHideFlags: 0
  m_PrefabParentObject: {fileID: 0}
  m_PrefabInternal: {fileID: 0}
  m_GameObject: {fileID: 1517882369}
  m_LocalRotation: {x: 0.40821788, y: -0.23456968, z: 0.10938163, w: 0.8754261}
  m_LocalPosition: {x: 0, y: 3, z: 0}
  m_LocalScale: {x: 1, y: 1, z: 1}
  m_LocalEulerAnglesHint: {x: 50, y: -30, z: 0}
  m_Children: []
  m_Father: {fileID: 0}
  m_RootOrder: 1
--- !u!1 &1562335659
GameObject:
  m_ObjectHideFlags: 0
  m_PrefabParentObject: {fileID: 0}
  m_PrefabInternal: {fileID: 0}
  serializedVersion: 4
  m_Component:
  - 224: {fileID: 1562335660}
  - 222: {fileID: 1562335662}
  - 114: {fileID: 1562335661}
  m_Layer: 5
  m_Name: Text
  m_TagString: Untagged
  m_Icon: {fileID: 0}
  m_NavMeshLayer: 0
  m_StaticEditorFlags: 0
  m_IsActive: 1
--- !u!224 &1562335660
RectTransform:
  m_ObjectHideFlags: 0
  m_PrefabParentObject: {fileID: 0}
  m_PrefabInternal: {fileID: 0}
  m_GameObject: {fileID: 1562335659}
  m_LocalRotation: {x: 0, y: 0, z: 0, w: 1}
  m_LocalPosition: {x: 0, y: 0, z: 0}
  m_LocalScale: {x: 1, y: 1, z: 1}
  m_LocalEulerAnglesHint: {x: 0, y: 0, z: 0}
  m_Children: []
  m_Father: {fileID: 834984156}
  m_RootOrder: 0
  m_AnchorMin: {x: 0, y: 0}
  m_AnchorMax: {x: 1, y: 1}
  m_AnchoredPosition: {x: 0, y: 0}
  m_SizeDelta: {x: 0, y: 0}
  m_Pivot: {x: 0.5, y: 0.5}
--- !u!114 &1562335661
MonoBehaviour:
  m_ObjectHideFlags: 0
  m_PrefabParentObject: {fileID: 0}
  m_PrefabInternal: {fileID: 0}
  m_GameObject: {fileID: 1562335659}
  m_Enabled: 1
  m_EditorHideFlags: 0
  m_Script: {fileID: 708705254, guid: f5f67c52d1564df4a8936ccd202a3bd8, type: 3}
  m_Name: 
  m_EditorClassIdentifier: 
  m_Material: {fileID: 0}
  m_Color: {r: 0.61987835, g: 0.8764607, b: 0.9411765, a: 1}
  m_RaycastTarget: 1
  m_OnCullStateChanged:
    m_PersistentCalls:
      m_Calls: []
    m_TypeName: UnityEngine.UI.MaskableGraphic+CullStateChangedEvent, UnityEngine.UI,
      Version=1.0.0.0, Culture=neutral, PublicKeyToken=null
  m_FontData:
    m_Font: {fileID: 12800000, guid: 87c6b93464bcc904b963bfa50f6cb276, type: 3}
    m_FontSize: 40
    m_FontStyle: 0
    m_BestFit: 0
    m_MinSize: 10
    m_MaxSize: 40
    m_Alignment: 4
    m_AlignByGeometry: 0
    m_RichText: 1
    m_HorizontalOverflow: 0
    m_VerticalOverflow: 0
    m_LineSpacing: 1
  m_Text: Volver al Menu
--- !u!222 &1562335662
CanvasRenderer:
  m_ObjectHideFlags: 0
  m_PrefabParentObject: {fileID: 0}
  m_PrefabInternal: {fileID: 0}
  m_GameObject: {fileID: 1562335659}
--- !u!1 &1589862211
GameObject:
  m_ObjectHideFlags: 0
  m_PrefabParentObject: {fileID: 100000, guid: fac60b197cad44a16bee667050a4d421, type: 3}
  m_PrefabInternal: {fileID: 116238113}
  serializedVersion: 4
  m_Component:
  - 4: {fileID: 116238114}
  - 33: {fileID: 1589862214}
  - 23: {fileID: 1589862213}
  - 95: {fileID: 1589862212}
  m_Layer: 0
  m_Name: MiniJet
  m_TagString: Untagged
  m_Icon: {fileID: 0}
  m_NavMeshLayer: 0
  m_StaticEditorFlags: 0
  m_IsActive: 1
--- !u!95 &1589862212
Animator:
  serializedVersion: 3
  m_ObjectHideFlags: 0
  m_PrefabParentObject: {fileID: 9500000, guid: fac60b197cad44a16bee667050a4d421,
    type: 3}
  m_PrefabInternal: {fileID: 116238113}
  m_GameObject: {fileID: 1589862211}
  m_Enabled: 1
  m_Avatar: {fileID: 9000000, guid: fac60b197cad44a16bee667050a4d421, type: 3}
  m_Controller: {fileID: 0}
  m_CullingMode: 0
  m_UpdateMode: 0
  m_ApplyRootMotion: 0
  m_LinearVelocityBlending: 0
  m_WarningMessage: 
  m_HasTransformHierarchy: 1
  m_AllowConstantClipSamplingOptimization: 1
--- !u!23 &1589862213
MeshRenderer:
  m_ObjectHideFlags: 0
  m_PrefabParentObject: {fileID: 2300000, guid: fac60b197cad44a16bee667050a4d421,
    type: 3}
  m_PrefabInternal: {fileID: 116238113}
  m_GameObject: {fileID: 1589862211}
  m_Enabled: 1
  m_CastShadows: 1
  m_ReceiveShadows: 1
  m_MotionVectors: 1
  m_LightProbeUsage: 1
  m_ReflectionProbeUsage: 1
  m_Materials:
  - {fileID: 2100000, guid: 0584fcd68f47440498626866bc89320b, type: 2}
  - {fileID: 2100000, guid: 0584fcd68f47440498626866bc89320b, type: 2}
  - {fileID: 2100000, guid: 0584fcd68f47440498626866bc89320b, type: 2}
  - {fileID: 2100000, guid: 0584fcd68f47440498626866bc89320b, type: 2}
  m_SubsetIndices: 
  m_StaticBatchRoot: {fileID: 0}
  m_ProbeAnchor: {fileID: 0}
  m_LightProbeVolumeOverride: {fileID: 0}
  m_ScaleInLightmap: 1
  m_PreserveUVs: 0
  m_IgnoreNormalsForChartDetection: 0
  m_ImportantGI: 0
  m_SelectedWireframeHidden: 0
  m_MinimumChartSize: 4
  m_AutoUVMaxDistance: 0.5
  m_AutoUVMaxAngle: 89
  m_LightmapParameters: {fileID: 0}
  m_SortingLayerID: 0
  m_SortingOrder: 0
--- !u!33 &1589862214
MeshFilter:
  m_ObjectHideFlags: 0
  m_PrefabParentObject: {fileID: 3300000, guid: fac60b197cad44a16bee667050a4d421,
    type: 3}
  m_PrefabInternal: {fileID: 116238113}
  m_GameObject: {fileID: 1589862211}
  m_Mesh: {fileID: 4300000, guid: fac60b197cad44a16bee667050a4d421, type: 3}
--- !u!1 &1686304617
GameObject:
  m_ObjectHideFlags: 0
  m_PrefabParentObject: {fileID: 100006, guid: e2cf4d86fbf744165b07152fb17b1265, type: 3}
  m_PrefabInternal: {fileID: 1785744660}
  serializedVersion: 4
  m_Component:
  - 4: {fileID: 1686304618}
  - 33: {fileID: 1686304620}
  - 23: {fileID: 1686304619}
  m_Layer: 0
  m_Name: BotoSimon_Verd
  m_TagString: Untagged
  m_Icon: {fileID: 0}
  m_NavMeshLayer: 0
  m_StaticEditorFlags: 0
  m_IsActive: 1
--- !u!4 &1686304618
Transform:
  m_ObjectHideFlags: 0
  m_PrefabParentObject: {fileID: 400006, guid: e2cf4d86fbf744165b07152fb17b1265, type: 3}
  m_PrefabInternal: {fileID: 1785744660}
  m_GameObject: {fileID: 1686304617}
  m_LocalRotation: {x: -0.5455563, y: -0.44985372, z: -0.44985378, w: 0.5455562}
  m_LocalPosition: {x: -0.52139455, y: -0.07327501, z: -1.5736907}
  m_LocalScale: {x: 1, y: 1, z: 1}
  m_LocalEulerAnglesHint: {x: 0, y: 0, z: 0}
  m_Children: []
  m_Father: {fileID: 1785744661}
  m_RootOrder: 2
--- !u!23 &1686304619
MeshRenderer:
  m_ObjectHideFlags: 0
  m_PrefabParentObject: {fileID: 2300004, guid: e2cf4d86fbf744165b07152fb17b1265,
    type: 3}
  m_PrefabInternal: {fileID: 1785744660}
  m_GameObject: {fileID: 1686304617}
  m_Enabled: 1
  m_CastShadows: 1
  m_ReceiveShadows: 1
  m_MotionVectors: 1
  m_LightProbeUsage: 1
  m_ReflectionProbeUsage: 1
  m_Materials:
  - {fileID: 2100000, guid: 27c3443f088b04fe684eb7dd9e435c0d, type: 2}
  m_SubsetIndices: 
  m_StaticBatchRoot: {fileID: 0}
  m_ProbeAnchor: {fileID: 0}
  m_LightProbeVolumeOverride: {fileID: 0}
  m_ScaleInLightmap: 1
  m_PreserveUVs: 0
  m_IgnoreNormalsForChartDetection: 0
  m_ImportantGI: 0
  m_SelectedWireframeHidden: 0
  m_MinimumChartSize: 4
  m_AutoUVMaxDistance: 0.5
  m_AutoUVMaxAngle: 89
  m_LightmapParameters: {fileID: 0}
  m_SortingLayerID: 0
  m_SortingOrder: 0
--- !u!33 &1686304620
MeshFilter:
  m_ObjectHideFlags: 0
  m_PrefabParentObject: {fileID: 3300004, guid: e2cf4d86fbf744165b07152fb17b1265,
    type: 3}
  m_PrefabInternal: {fileID: 1785744660}
  m_GameObject: {fileID: 1686304617}
  m_Mesh: {fileID: 4300000, guid: e2cf4d86fbf744165b07152fb17b1265, type: 3}
--- !u!1001 &1785744660
Prefab:
  m_ObjectHideFlags: 0
  serializedVersion: 2
  m_Modification:
    m_TransformParent: {fileID: 839508664}
    m_Modifications:
    - target: {fileID: 400000, guid: e2cf4d86fbf744165b07152fb17b1265, type: 3}
      propertyPath: m_LocalPosition.x
      value: 0
      objectReference: {fileID: 0}
    - target: {fileID: 400000, guid: e2cf4d86fbf744165b07152fb17b1265, type: 3}
      propertyPath: m_LocalPosition.y
      value: 0
      objectReference: {fileID: 0}
    - target: {fileID: 400000, guid: e2cf4d86fbf744165b07152fb17b1265, type: 3}
      propertyPath: m_LocalPosition.z
      value: 0
      objectReference: {fileID: 0}
    - target: {fileID: 400000, guid: e2cf4d86fbf744165b07152fb17b1265, type: 3}
      propertyPath: m_LocalRotation.x
      value: 0
      objectReference: {fileID: 0}
    - target: {fileID: 400000, guid: e2cf4d86fbf744165b07152fb17b1265, type: 3}
      propertyPath: m_LocalRotation.y
      value: 0
      objectReference: {fileID: 0}
    - target: {fileID: 400000, guid: e2cf4d86fbf744165b07152fb17b1265, type: 3}
      propertyPath: m_LocalRotation.z
      value: 0
      objectReference: {fileID: 0}
    - target: {fileID: 400000, guid: e2cf4d86fbf744165b07152fb17b1265, type: 3}
      propertyPath: m_LocalRotation.w
      value: 1
      objectReference: {fileID: 0}
    - target: {fileID: 400000, guid: e2cf4d86fbf744165b07152fb17b1265, type: 3}
      propertyPath: m_RootOrder
      value: 1
      objectReference: {fileID: 0}
    m_RemovedComponents: []
  m_ParentPrefab: {fileID: 100100000, guid: e2cf4d86fbf744165b07152fb17b1265, type: 3}
  m_RootGameObject: {fileID: 1186095170}
  m_IsPrefabParent: 0
--- !u!4 &1785744661
Transform:
  m_ObjectHideFlags: 0
  m_PrefabParentObject: {fileID: 400000, guid: e2cf4d86fbf744165b07152fb17b1265, type: 3}
  m_PrefabInternal: {fileID: 1785744660}
  m_GameObject: {fileID: 1186095170}
  m_LocalRotation: {x: 0, y: 0, z: 0, w: 1}
  m_LocalPosition: {x: 0, y: 0, z: 0}
  m_LocalScale: {x: 1, y: 1, z: 1}
  m_LocalEulerAnglesHint: {x: 0, y: 0, z: 0}
  m_Children:
  - {fileID: 1137003723}
  - {fileID: 545232382}
  - {fileID: 1686304618}
  - {fileID: 449046055}
  m_Father: {fileID: 839508664}
  m_RootOrder: 1
--- !u!1 &1828344190
GameObject:
  m_ObjectHideFlags: 0
  m_PrefabParentObject: {fileID: 100000, guid: 12798b2e8a9ec4a36af55920bfeaa278, type: 3}
  m_PrefabInternal: {fileID: 991229213}
  serializedVersion: 4
  m_Component:
  - 4: {fileID: 991229214}
  - 33: {fileID: 1828344193}
  - 23: {fileID: 1828344192}
  - 95: {fileID: 1828344191}
  m_Layer: 0
  m_Name: Base_3x3
  m_TagString: Untagged
  m_Icon: {fileID: 0}
  m_NavMeshLayer: 0
  m_StaticEditorFlags: 0
  m_IsActive: 1
--- !u!95 &1828344191
Animator:
  serializedVersion: 3
  m_ObjectHideFlags: 0
  m_PrefabParentObject: {fileID: 9500000, guid: 12798b2e8a9ec4a36af55920bfeaa278,
    type: 3}
  m_PrefabInternal: {fileID: 991229213}
  m_GameObject: {fileID: 1828344190}
  m_Enabled: 1
  m_Avatar: {fileID: 9000000, guid: 12798b2e8a9ec4a36af55920bfeaa278, type: 3}
  m_Controller: {fileID: 0}
  m_CullingMode: 0
  m_UpdateMode: 0
  m_ApplyRootMotion: 0
  m_LinearVelocityBlending: 0
  m_WarningMessage: 
  m_HasTransformHierarchy: 1
  m_AllowConstantClipSamplingOptimization: 1
--- !u!23 &1828344192
MeshRenderer:
  m_ObjectHideFlags: 0
  m_PrefabParentObject: {fileID: 2300000, guid: 12798b2e8a9ec4a36af55920bfeaa278,
    type: 3}
  m_PrefabInternal: {fileID: 991229213}
  m_GameObject: {fileID: 1828344190}
  m_Enabled: 1
  m_CastShadows: 1
  m_ReceiveShadows: 1
  m_MotionVectors: 1
  m_LightProbeUsage: 1
  m_ReflectionProbeUsage: 1
  m_Materials:
  - {fileID: 2100000, guid: f763822766f1c45c2b82a194ac4d2d3c, type: 2}
  - {fileID: 2100000, guid: f763822766f1c45c2b82a194ac4d2d3c, type: 2}
  - {fileID: 2100000, guid: f763822766f1c45c2b82a194ac4d2d3c, type: 2}
  - {fileID: 2100000, guid: f763822766f1c45c2b82a194ac4d2d3c, type: 2}
  - {fileID: 2100000, guid: f763822766f1c45c2b82a194ac4d2d3c, type: 2}
  - {fileID: 2100000, guid: f763822766f1c45c2b82a194ac4d2d3c, type: 2}
  - {fileID: 2100000, guid: f763822766f1c45c2b82a194ac4d2d3c, type: 2}
  - {fileID: 2100000, guid: f763822766f1c45c2b82a194ac4d2d3c, type: 2}
  - {fileID: 2100000, guid: f763822766f1c45c2b82a194ac4d2d3c, type: 2}
  - {fileID: 2100000, guid: f763822766f1c45c2b82a194ac4d2d3c, type: 2}
  m_SubsetIndices: 
  m_StaticBatchRoot: {fileID: 0}
  m_ProbeAnchor: {fileID: 0}
  m_LightProbeVolumeOverride: {fileID: 0}
  m_ScaleInLightmap: 1
  m_PreserveUVs: 0
  m_IgnoreNormalsForChartDetection: 0
  m_ImportantGI: 0
  m_SelectedWireframeHidden: 0
  m_MinimumChartSize: 4
  m_AutoUVMaxDistance: 0.5
  m_AutoUVMaxAngle: 89
  m_LightmapParameters: {fileID: 0}
  m_SortingLayerID: 0
  m_SortingOrder: 0
--- !u!33 &1828344193
MeshFilter:
  m_ObjectHideFlags: 0
  m_PrefabParentObject: {fileID: 3300000, guid: 12798b2e8a9ec4a36af55920bfeaa278,
    type: 3}
  m_PrefabInternal: {fileID: 991229213}
  m_GameObject: {fileID: 1828344190}
  m_Mesh: {fileID: 4300000, guid: 12798b2e8a9ec4a36af55920bfeaa278, type: 3}
--- !u!1 &1931060118
GameObject:
  m_ObjectHideFlags: 0
  m_PrefabParentObject: {fileID: 100000, guid: e431051b75d1f4d4b8a0292add5a62a7, type: 3}
  m_PrefabInternal: {fileID: 1994123673}
  serializedVersion: 4
  m_Component:
  - 4: {fileID: 1931060119}
  - 33: {fileID: 1931060121}
  - 23: {fileID: 1931060120}
  m_Layer: 0
  m_Name: 3x3_FITXA_VERDA
  m_TagString: Untagged
  m_Icon: {fileID: 0}
  m_NavMeshLayer: 0
  m_StaticEditorFlags: 0
  m_IsActive: 1
--- !u!4 &1931060119
Transform:
  m_ObjectHideFlags: 0
  m_PrefabParentObject: {fileID: 400000, guid: e431051b75d1f4d4b8a0292add5a62a7, type: 3}
  m_PrefabInternal: {fileID: 1994123673}
  m_GameObject: {fileID: 1931060118}
  m_LocalRotation: {x: -0.7071068, y: 0, z: -0, w: 0.7071067}
  m_LocalPosition: {x: -0.18802883, y: 0.057825226, z: -0.03256502}
  m_LocalScale: {x: 2.5865595, y: 2.5865595, z: 2.5865595}
  m_LocalEulerAnglesHint: {x: 0, y: 0, z: 0}
  m_Children: []
  m_Father: {fileID: 1994123674}
  m_RootOrder: 0
--- !u!23 &1931060120
MeshRenderer:
  m_ObjectHideFlags: 0
  m_PrefabParentObject: {fileID: 2300000, guid: e431051b75d1f4d4b8a0292add5a62a7,
    type: 3}
  m_PrefabInternal: {fileID: 1994123673}
  m_GameObject: {fileID: 1931060118}
  m_Enabled: 1
  m_CastShadows: 1
  m_ReceiveShadows: 1
  m_MotionVectors: 1
  m_LightProbeUsage: 1
  m_ReflectionProbeUsage: 1
  m_Materials:
  - {fileID: 2100000, guid: d56ebe46e52134788b1c40451bd5d861, type: 2}
  m_SubsetIndices: 
  m_StaticBatchRoot: {fileID: 0}
  m_ProbeAnchor: {fileID: 0}
  m_LightProbeVolumeOverride: {fileID: 0}
  m_ScaleInLightmap: 1
  m_PreserveUVs: 0
  m_IgnoreNormalsForChartDetection: 0
  m_ImportantGI: 0
  m_SelectedWireframeHidden: 0
  m_MinimumChartSize: 4
  m_AutoUVMaxDistance: 0.5
  m_AutoUVMaxAngle: 89
  m_LightmapParameters: {fileID: 0}
  m_SortingLayerID: 0
  m_SortingOrder: 0
--- !u!33 &1931060121
MeshFilter:
  m_ObjectHideFlags: 0
  m_PrefabParentObject: {fileID: 3300000, guid: e431051b75d1f4d4b8a0292add5a62a7,
    type: 3}
  m_PrefabInternal: {fileID: 1994123673}
  m_GameObject: {fileID: 1931060118}
  m_Mesh: {fileID: 4300000, guid: e431051b75d1f4d4b8a0292add5a62a7, type: 3}
--- !u!1001 &1994123673
Prefab:
  m_ObjectHideFlags: 0
  serializedVersion: 2
  m_Modification:
    m_TransformParent: {fileID: 839508664}
    m_Modifications:
    - target: {fileID: 400004, guid: e431051b75d1f4d4b8a0292add5a62a7, type: 3}
      propertyPath: m_LocalPosition.x
      value: 0
      objectReference: {fileID: 0}
    - target: {fileID: 400004, guid: e431051b75d1f4d4b8a0292add5a62a7, type: 3}
      propertyPath: m_LocalPosition.y
      value: 0
      objectReference: {fileID: 0}
    - target: {fileID: 400004, guid: e431051b75d1f4d4b8a0292add5a62a7, type: 3}
      propertyPath: m_LocalPosition.z
      value: 0
      objectReference: {fileID: 0}
    - target: {fileID: 400004, guid: e431051b75d1f4d4b8a0292add5a62a7, type: 3}
      propertyPath: m_LocalRotation.x
      value: 0
      objectReference: {fileID: 0}
    - target: {fileID: 400004, guid: e431051b75d1f4d4b8a0292add5a62a7, type: 3}
      propertyPath: m_LocalRotation.y
      value: 0
      objectReference: {fileID: 0}
    - target: {fileID: 400004, guid: e431051b75d1f4d4b8a0292add5a62a7, type: 3}
      propertyPath: m_LocalRotation.z
      value: 0
      objectReference: {fileID: 0}
    - target: {fileID: 400004, guid: e431051b75d1f4d4b8a0292add5a62a7, type: 3}
      propertyPath: m_LocalRotation.w
      value: 1
      objectReference: {fileID: 0}
    - target: {fileID: 400004, guid: e431051b75d1f4d4b8a0292add5a62a7, type: 3}
      propertyPath: m_RootOrder
      value: 4
      objectReference: {fileID: 0}
    m_RemovedComponents: []
  m_ParentPrefab: {fileID: 100100000, guid: e431051b75d1f4d4b8a0292add5a62a7, type: 3}
  m_RootGameObject: {fileID: 1297509674}
  m_IsPrefabParent: 0
--- !u!4 &1994123674
Transform:
  m_ObjectHideFlags: 0
  m_PrefabParentObject: {fileID: 400004, guid: e431051b75d1f4d4b8a0292add5a62a7, type: 3}
  m_PrefabInternal: {fileID: 1994123673}
  m_GameObject: {fileID: 1297509674}
  m_LocalRotation: {x: 0, y: 0, z: 0, w: 1}
  m_LocalPosition: {x: 0, y: 0, z: 0}
  m_LocalScale: {x: 1, y: 1, z: 1}
  m_LocalEulerAnglesHint: {x: 0, y: 0, z: 0}
  m_Children:
  - {fileID: 1931060119}
  - {fileID: 617337159}
  m_Father: {fileID: 839508664}
  m_RootOrder: 4
--- !u!1001 &2033270517
Prefab:
  m_ObjectHideFlags: 0
  serializedVersion: 2
  m_Modification:
    m_TransformParent: {fileID: 839508664}
    m_Modifications:
    - target: {fileID: 400000, guid: 276a288f9aa8e4a09a5472f6bd9b2686, type: 3}
      propertyPath: m_LocalPosition.x
      value: 0.33164862
      objectReference: {fileID: 0}
    - target: {fileID: 400000, guid: 276a288f9aa8e4a09a5472f6bd9b2686, type: 3}
      propertyPath: m_LocalPosition.y
      value: 0.025762787
      objectReference: {fileID: 0}
    - target: {fileID: 400000, guid: 276a288f9aa8e4a09a5472f6bd9b2686, type: 3}
      propertyPath: m_LocalPosition.z
      value: -1.9281939
      objectReference: {fileID: 0}
    - target: {fileID: 400000, guid: 276a288f9aa8e4a09a5472f6bd9b2686, type: 3}
      propertyPath: m_LocalRotation.x
      value: -0.61153585
      objectReference: {fileID: 0}
    - target: {fileID: 400000, guid: 276a288f9aa8e4a09a5472f6bd9b2686, type: 3}
      propertyPath: m_LocalRotation.y
      value: -0.35499847
      objectReference: {fileID: 0}
    - target: {fileID: 400000, guid: 276a288f9aa8e4a09a5472f6bd9b2686, type: 3}
      propertyPath: m_LocalRotation.z
      value: -0.3549985
      objectReference: {fileID: 0}
    - target: {fileID: 400000, guid: 276a288f9aa8e4a09a5472f6bd9b2686, type: 3}
      propertyPath: m_LocalRotation.w
      value: 0.61153585
      objectReference: {fileID: 0}
    - target: {fileID: 400000, guid: 276a288f9aa8e4a09a5472f6bd9b2686, type: 3}
      propertyPath: m_RootOrder
      value: 8
      objectReference: {fileID: 0}
    m_RemovedComponents: []
  m_ParentPrefab: {fileID: 100100000, guid: 276a288f9aa8e4a09a5472f6bd9b2686, type: 3}
  m_RootGameObject: {fileID: 840737594}
  m_IsPrefabParent: 0
--- !u!4 &2033270518
Transform:
  m_ObjectHideFlags: 0
  m_PrefabParentObject: {fileID: 400000, guid: 276a288f9aa8e4a09a5472f6bd9b2686, type: 3}
  m_PrefabInternal: {fileID: 2033270517}
  m_GameObject: {fileID: 840737594}
  m_LocalRotation: {x: -0.61153585, y: -0.35499847, z: -0.3549985, w: 0.61153585}
  m_LocalPosition: {x: 0.33164862, y: 0.025762787, z: -1.9281939}
  m_LocalScale: {x: 1, y: 1, z: 1}
  m_LocalEulerAnglesHint: {x: 0, y: 0, z: 0}
  m_Children: []
  m_Father: {fileID: 839508664}
  m_RootOrder: 8
--- !u!1 &2104352110
GameObject:
  m_ObjectHideFlags: 0
  m_PrefabParentObject: {fileID: 100000, guid: 178cc2ab5ed7c4942b8d9a042c14f662, type: 3}
  m_PrefabInternal: {fileID: 1441047844}
  serializedVersion: 4
  m_Component:
  - 4: {fileID: 1441047845}
  - 33: {fileID: 2104352113}
  - 23: {fileID: 2104352112}
  - 95: {fileID: 2104352111}
  m_Layer: 0
  m_Name: SpaceShip
  m_TagString: Untagged
  m_Icon: {fileID: 0}
  m_NavMeshLayer: 0
  m_StaticEditorFlags: 0
  m_IsActive: 1
--- !u!95 &2104352111
Animator:
  serializedVersion: 3
  m_ObjectHideFlags: 0
  m_PrefabParentObject: {fileID: 9500000, guid: 178cc2ab5ed7c4942b8d9a042c14f662,
    type: 3}
  m_PrefabInternal: {fileID: 1441047844}
  m_GameObject: {fileID: 2104352110}
  m_Enabled: 1
  m_Avatar: {fileID: 9000000, guid: 178cc2ab5ed7c4942b8d9a042c14f662, type: 3}
  m_Controller: {fileID: 0}
  m_CullingMode: 0
  m_UpdateMode: 0
  m_ApplyRootMotion: 0
  m_LinearVelocityBlending: 0
  m_WarningMessage: 
  m_HasTransformHierarchy: 1
  m_AllowConstantClipSamplingOptimization: 1
--- !u!23 &2104352112
MeshRenderer:
  m_ObjectHideFlags: 0
  m_PrefabParentObject: {fileID: 2300000, guid: 178cc2ab5ed7c4942b8d9a042c14f662,
    type: 3}
  m_PrefabInternal: {fileID: 1441047844}
  m_GameObject: {fileID: 2104352110}
  m_Enabled: 1
  m_CastShadows: 1
  m_ReceiveShadows: 1
  m_MotionVectors: 1
  m_LightProbeUsage: 1
  m_ReflectionProbeUsage: 1
  m_Materials:
  - {fileID: 2100000, guid: d4de5dac9550444748de81d85daeb86c, type: 2}
  - {fileID: 2100000, guid: d4de5dac9550444748de81d85daeb86c, type: 2}
  - {fileID: 2100000, guid: d4de5dac9550444748de81d85daeb86c, type: 2}
  - {fileID: 2100000, guid: d4de5dac9550444748de81d85daeb86c, type: 2}
  m_SubsetIndices: 
  m_StaticBatchRoot: {fileID: 0}
  m_ProbeAnchor: {fileID: 0}
  m_LightProbeVolumeOverride: {fileID: 0}
  m_ScaleInLightmap: 1
  m_PreserveUVs: 0
  m_IgnoreNormalsForChartDetection: 0
  m_ImportantGI: 0
  m_SelectedWireframeHidden: 0
  m_MinimumChartSize: 4
  m_AutoUVMaxDistance: 0.5
  m_AutoUVMaxAngle: 89
  m_LightmapParameters: {fileID: 0}
  m_SortingLayerID: 0
  m_SortingOrder: 0
--- !u!33 &2104352113
MeshFilter:
  m_ObjectHideFlags: 0
  m_PrefabParentObject: {fileID: 3300000, guid: 178cc2ab5ed7c4942b8d9a042c14f662,
    type: 3}
  m_PrefabInternal: {fileID: 1441047844}
  m_GameObject: {fileID: 2104352110}
  m_Mesh: {fileID: 4300000, guid: 178cc2ab5ed7c4942b8d9a042c14f662, type: 3}
